@article {Figueredo:2009dg,
   author = {Figueredo, A.~J. and Wolf, P. S.~A.},
   title = {Assortative pairing and life history strategy - a cross-cultural study.},
   journal = {Human Nature},
   volume = {20},
   pages = {317-330},
   year = {2009}
}


@article{ChanheeBoo2019,
	Author = {Boo, Chanhee and Winton, Robert K. and Conway, Kelly M. and Yip, Ngai Yin},
	Journal = {Environmental Science \& Technology Letters},
	Month = {06},
	Number = {6},
	Pages = {359--364},
	Title = {Membrane-less and Non-Evaporative Desalination of Hypersaline Brines by Temperature Swing Solvent Extraction},
	Volume = {6},
	Year = {2019}
}


@article{CRC_84Ed,
	Annote = {doi: 10.1021/ja0336372},
	Booktitle = {Journal of the American Chemical Society},
	Da = {2004/02/01},
	Date = {2004/02/01},
	Date-Added = {2020-06-28 12:09:17 +0000},
	Date-Modified = {2020-06-28 12:09:17 +0000},
	Doi = {10.1021/ja0336372},
	Isbn = {0002-7863},
	Journal = {Journal of the American Chemical Society},
	Journal1 = {J. Am. Chem. Soc.},
	M3 = {doi: 10.1021/ja0336372},
	Month = {02},
	Number = {5},
	Pages = {1586--1586},
	Publisher = {American Chemical Society},
	Title = {CRC Handbook of Chemistry and Physics, 84th Edition Edited by David R. Lide (National Institute of Standards and Technology). CRC Press LLC:  Boca Raton. 2003. 2616 pp. {\$}139.95. ISBN 0-8493-0484-9.},
	Ty = {JOUR},
	Url = {https://doi.org/10.1021/ja0336372},
	Volume = {126},
	Year = {2004},
	Year1 = {2004},
	Bdsk-Url-1 = {https://doi.org/10.1021/ja0336372},
	Bdsk-Url-2 = {http://dx.doi.org/10.1021/ja0336372}}

